<record><leader>00000cas a22000007a 4500</leader><controlfield tag="001">9994387</controlfield><controlfield tag="008">831008c19059999ohudn ne      |   e0eng  </controlfield><datafield ind1=" " ind2=" " tag="010"><subfield code="a">sn 83035512 </subfield></datafield><datafield ind1=" " ind2=" " tag="040"><subfield code="a">NPY</subfield><subfield code="b">eng</subfield><subfield code="c">NPY</subfield><subfield code="d">ONP</subfield><subfield code="d">DLC</subfield></datafield><datafield ind1=" " ind2=" " tag="012"><subfield code="m">1</subfield></datafield><datafield ind1="1" ind2=" " tag="022"><subfield code="a">2373-1788</subfield><subfield code="2">1</subfield></datafield><datafield ind1=" " ind2=" " tag="032"><subfield code="a">477540</subfield><subfield code="b">USPS</subfield></datafield><datafield ind1=" " ind2=" " tag="037"><subfield code="b">Beth Volosin, 161 N. Lincoln Ave., Salem, Ohio 44460</subfield><subfield code="c">$12.50</subfield></datafield><datafield ind1=" " ind2=" " tag="042"><subfield code="a">pcc</subfield><subfield code="a">nsdp</subfield></datafield><datafield ind1="1" ind2="0" tag="050"><subfield code="a">ISSN RECORD</subfield></datafield><datafield ind1="1" ind2="0" tag="082"><subfield code="a">071</subfield><subfield code="2">23</subfield></datafield><datafield ind1="0" ind2=" " tag="130"><subfield code="a">Salem news (Salem, Ohio)</subfield></datafield><datafield ind1=" " ind2="4" tag="222"><subfield code="a">The Salem news</subfield><subfield code="b">(Salem, Ohio)</subfield></datafield><datafield ind1="1" ind2="4" tag="245"><subfield code="a">The Salem news.</subfield></datafield><datafield ind1=" " ind2=" " tag="260"><subfield code="a">Salem, Ohio :</subfield><subfield code="b">Salem Pub. Co.,</subfield><subfield code="c">1905-</subfield></datafield><datafield ind1=" " ind2=" " tag="300"><subfield code="a">v.</subfield></datafield><datafield ind1=" " ind2=" " tag="310"><subfield code="a">Daily (except Sun.)</subfield></datafield><datafield ind1="0" ind2=" " tag="362"><subfield code="a">17th year, no. 211 (Sept. 8, 1905)-</subfield></datafield><datafield ind1=" " ind2=" " tag="500"><subfield code="a">"Republican."</subfield></datafield><datafield ind1=" " ind2=" " tag="515"><subfield code="a">July 12, 1921 misdated 1291.</subfield></datafield><datafield ind1=" " ind2=" " tag="580"><subfield code="a">Weekly ed.: Republican-era (Salem, Ohio), 1905-1920.</subfield></datafield><datafield ind1=" " ind2=" " tag="580"><subfield code="a">Absorbed: Salem daily herald, Feb. 1919.</subfield></datafield><datafield ind1=" " ind2=" " tag="588"><subfield code="a">Latest issue consulted: May 14, 2014 (surrogate).</subfield></datafield><datafield ind1=" " ind2=" " tag="752"><subfield code="a">United States</subfield><subfield code="b">Ohio</subfield><subfield code="c">Columbiana</subfield><subfield code="d">Salem.</subfield></datafield><datafield ind1="1" ind2=" " tag="775"><subfield code="t">Republican-era (Salem, Ohio)</subfield><subfield code="w">(DLC)sn 88078351</subfield><subfield code="w">(OCoLC)17655483</subfield></datafield><datafield ind1="0" ind2="0" tag="780"><subfield code="t">Salem daily news</subfield><subfield code="w">(DLC)sn 88078289</subfield><subfield code="w">(OCoLC)17655496</subfield></datafield><datafield ind1="1" ind2="5" tag="780"><subfield code="t">Salem daily herald</subfield><subfield code="w">(DLC)sn 83035513</subfield><subfield code="w">(OCoLC)9994394</subfield></datafield></record>